000103086 FMT   L BK
000103086 LDR   L 00000cam^a2200421^i^4500
000103086 001   L 000103086
000103086 005   L 20170831075603.0
000103086 008   L 940822s1978^^^^sw^|||||||||||||||f|swe|^
000103086 015   L $$af941780$$2skl
000103086 035   L $$a(FI-MELINDA)000103086
000103086 040   L $$aFI-NL
000103086 0411  L $$aswe$$hfin
000103086 042   L $$afinb
000103086 080   L $$a894.541$$x-3$$9FENNI<KEEP>
000103086 1001  L $$aKivi, Aleksis,$$d1834-1872,$$ekirjoittaja.
000103086 24010 L $$aSeitsemän veljestä,$$lruotsi
000103086 24510 L $$aSju bröder /$$cAleksis Kivi ; översättning: Elmer Diktonius ; förord: Carl-Adam Nycop.
000103086 260   L $$aHöganäs :$$bBra böcker,$$c1978.
000103086 300   L $$a373, [1] s. ;$$c21 cm
000103086 336   L $$ateksti$$btxt$$2rdacontent
000103086 337   L $$akäytettävissä ilman laitetta$$bn$$2rdamedia
000103086 338   L $$anide$$bnc$$2rdacarrier
000103086 4901  L $$aBra klassiker
000103086 7001  L $$aDiktonius, Elmer,$$d1896-1961,$$ekääntäjä.$$0(FIN11)000066655
000103086 7001  L $$aNycop, Carl-Adam,$$d1909-2006,$$eesipuheen kirjoittaja.$$0(FIN11)000053902
000103086 830 0 L $$aBra klassiker.
000103086 903   L $$ac$$5FENNI
