000522904 FMT   L BK
000522904 LDR   L 00000cam^a22003977i^4500
000522904 001   L 000522904
000522904 005   L 20160728163228.0
000522904 008   L 950613s1940^^^^sw^|||||||||||||||f|swe||
000522904 015   L $$af500254$$2skl
000522904 035   L $$a(FI-MELINDA)000522904
000522904 040   L $$aFI-NL
000522904 0411  L $$aswe$$hfin
000522904 042   L $$afinb
000522904 080   L $$a894.541$$x-3$$9FENNI<KEEP>
000522904 1001  L $$aKivi, Aleksis,$$d1834-1872,$$ekirjoittaja.
000522904 24010 L $$aSeitsemän veljestä,$$lruotsi
000522904 24510 L $$aSju bröder :$$broman /$$cAleksis Kivi ; bemyndigad översättning från finskan av Per Åke Laurén.
000522904 250   L $$a5. uppl.
000522904 260   L $$aStockholm :$$bWahlström & Widstrand,$$c1940.
000522904 300   L $$a[2], 346, [3] s.
000522904 336   L $$ateksti$$btxt$$2rdacontent
000522904 337   L $$akäytettävissä ilman laitetta$$bn$$2rdamedia
000522904 338   L $$anide$$bnc$$2rdacarrier
000522904 7001  L $$aLaurén, Per Åke,$$ekääntäjä.
000522904 903   L $$ac$$5FENNI
