000522905 FMT   L BK
000522905 LDR   L 00000cam^a22005654i^4500
000522905 001   L 000522905
000522905 005   L 20160728163946.0
000522905 008   L 970320s1922^^^^fi^|||||||||||||||f|swe||
000522905 015   L $$af447223$$2skl
000522905 035   L $$a(FI-MELINDA)000522905
000522905 040   L $$aFI-NL
000522905 0411  L $$aswe$$hfin
000522905 042   L $$afinb
000522905 080   L $$a894.541$$x-3$$9FENNI<KEEP>
000522905 080   L $$a894.541$$x-3$$x=397
000522905 080   L $$a894.541$$x-31
000522905 1001  L $$aKivi, Aleksis,$$d1834-1872,$$ekirjoittaja.
000522905 24010 L $$aSeitsemän veljestä,$$lruotsi
000522905 24510 L $$aSju bröder :$$broman /$$cAlexis Kivi ; bemyndigad översättning från finskan av Per Åke Laurén.
000522905 250   L $$a2. uppl. med vinjetter av översättaren.
000522905 260   L $$aHelsingfors :$$bSchildt,$$c1922.
000522905 300   L $$a357 s. :$$bill.
000522905 336   L $$ateksti$$btxt$$2rdacontent
000522905 337   L $$akäytettävissä ilman laitetta$$bn$$2rdamedia
000522905 338   L $$anide$$bnc$$2rdacarrier
000522905 500   L $$aLisäpainokset: 3. uppl. 1922.
000522905 5611  L $$aH Reenpää: [?]. Standertskjöld-Nordenstam julen 1926. - [Heikki Reenpää].$$5HELKA
000522905 650 7 L $$asuomenkielinen kirjallisuus$$xromaanit$$xkäännökset$$xruotsin kieli$$y1860-luku$$2ysa
000522905 650 7 L $$akäännöskirjallisuus$$xsuomen kieli$$xruotsin kieli$$2ysa
000522905 650 7 L $$akaunokirjallisuus$$xruotsinkielinen kirjallisuus$$2ysa
000522905 7001  L $$aLaurén, Per Åke,$$ekääntäjä.
