000522906 FMT   L BK
000522906 LDR   L 00000cam^a22004574i^4500
000522906 001   L 000522906
000522906 005   L 20160728163741.0
000522906 008   L 961128s1930^^^^fi^|||||||||||||||f|swe||
000522906 015   L $$af453293$$2skl
000522906 035   L $$a(FI-MELINDA)000522906
000522906 040   L $$aFI-NL
000522906 0411  L $$aswe$$hfin
000522906 042   L $$afinb
000522906 080   L $$a894.541$$x-3$$9FENNI<KEEP>
000522906 080   L $$a894.541$$x-31
000522906 1001  L $$aKivi, Aleksis,$$d1834-1872,$$ekirjoittaja.
000522906 24010 L $$aSeitsemän veljestä,$$lruotsi
000522906 24510 L $$aSju bröder :$$broman /$$cAleksis Kivi ; bemyndigad översättning från finskan av Per Åke Laurén.
000522906 250   L $$a4. uppl.
000522906 260   L $$aHelsingfors :$$bSchildt,$$c1930.
000522906 300   L $$a346 s.
000522906 336   L $$ateksti$$btxt$$2rdacontent
000522906 337   L $$akäytettävissä ilman laitetta$$bn$$2rdamedia
000522906 338   L $$anide$$bnc$$2rdacarrier
000522906 5611  L $$aH Reenpää: Kustannusosakeyhtiö Otava. - [Heikki Reenpää].$$5HELKA
000522906 650 7 L $$asuomenkielinen kirjallisuus$$xromaanit$$xkäännökset$$xruotsin kieli$$y1860-luku$$2ysa
000522906 650 7 L $$akäännöskirjallisuus$$xsuomen kieli$$xruotsin kieli$$2ysa
000522906 7001  L $$aLaurén, Per Åke,$$ekääntäjä.
