000522909 FMT   L BK
000522909 LDR   L 00000cam^a22005053i^4500
000522909 001   L 000522909
000522909 005   L 20170831075613.0
000522909 008   L 830209s1978^^^^fi^|||||||||||||||f|swe||
000522909 020   L $$a951-50-0157-9$$qsidottu
000522909 035   L $$a(FI-MELINDA)000522909
000522909 040   L $$aFI-NL
000522909 0411  L $$aswe$$hfin
000522909 042   L $$afinb
000522909 080   L $$a894.541$$x-3$$9FENNI<KEEP>
000522909 084   L $$a84.31$$2ykl
000522909 1001  L $$aKivi, Aleksis,$$d1834-1872,$$ekirjoittaja.
000522909 24010 L $$aSeitsemän veljestä,$$lruotsi
000522909 24510 L $$aSju bröder /$$cAleksis Kivi ; övers.: Elmer Diktonius ; förord: Carl-Adam Nycop.
000522909 260   L $$a[Hki] :$$bSchildt,$$c1978$$e(pain. Unkarissa)
000522909 300   L $$a373, [1] s. ;$$c21 cm
000522909 336   L $$ateksti$$btxt$$2rdacontent
000522909 337   L $$akäytettävissä ilman laitetta$$bn$$2rdamedia
000522909 338   L $$anide$$bnc$$2rdacarrier
000522909 7001  L $$aDiktonius, Elmer,$$d1896-1961,$$ekääntäjä.$$0(FIN11)000066655
000522909 7001  L $$aNycop, Carl-Adam,$$d1909-2006,$$eesipuheen kirjoittaja.$$0(FIN11)000053902
000522909 903   L $$ab$$5FENNI
