000770346 FMT   L BK
000770346 LDR   L 00000cam^a2200385zi^4500
000770346 001   L 000770346
000770346 005   L 20170817004011.0
000770346 008   L 940714s1949^^^^fi^|||||||||||||||f|swe||
000770346 015   L $$af535321$$2skl
000770346 035   L $$z(FI-MELINDA)009282812
000770346 035   L $$a(FI-MELINDA)000770346
000770346 040   L $$aFI-NL
000770346 0411  L $$aswe$$hfin
000770346 042   L $$afinb
000770346 080   L $$a894.541$$x-3$$9FENNI<KEEP>
000770346 1001  L $$aKivi, Aleksis,$$d1834-1872,$$ekirjoittaja.
000770346 24010 L $$aSeitsemän veljestä,$$lruotsi
000770346 24510 L $$aSju bröder /$$cAleksis Kivi ; övers. av Elmer Diktonius ; illustrerad av Marcus Collin.
000770346 250   L $$a2. uppl.
000770346 260   L $$aHelsingfors :$$bSchildt,$$c1949.
000770346 300   L $$a430 s. ;$$c8:o
000770346 336   L $$ateksti$$btxt$$2rdacontent
000770346 337   L $$akäytettävissä ilman laitetta$$bn$$2rdamedia
000770346 338   L $$anide$$bnc$$2rdacarrier
000770346 7001  L $$aDiktonius, Elmer,$$ekääntäjä.
000770346 7001  L $$aCollin, Marcus,$$d1882-1966,$$ekuvittaja.$$0(FIN11)000041564
