000773028 FMT   L BK
000773028 LDR   L 00000cam^a2200517^i^4500
000773028 001   L 000773028
000773028 005   L 20170831075600.0
000773028 008   L 940822s1978^^^^sw^|||||||||||||||f|swe|^
000773028 020   L $$a91-7160-289-5$$qsidottu
000773028 035   L $$a(FI-MELINDA)000773028
000773028 040   L $$aFI-NL
000773028 0411  L $$aswe$$hfin
000773028 042   L $$afinb
000773028 080   L $$a894.541$$x-3$$9FENNI<KEEP>
000773028 1001  L $$aKivi, Aleksis,$$d1834-1872,$$ekirjoittaja.
000773028 24010 L $$aSeitsemän veljestä,$$lruotsi
000773028 24510 L $$aSju bröder /$$cAleksis Kivi ; översättning: Elmer Diktonius ; förord: Carl-Adam Nycop.
000773028 260   L $$a[Stockholm] :$$bTrevi,$$c1978.
000773028 300   L $$a373, [1] s. ;$$c21 cm
000773028 336   L $$ateksti$$btxt$$2rdacontent
000773028 337   L $$akäytettävissä ilman laitetta$$bn$$2rdamedia
000773028 338   L $$anide$$bnc$$2rdacarrier
000773028 7001  L $$aDiktonius, Elmer,$$d1896-1961,$$ekääntäjä.$$0(FIN11)000066655
000773028 7001  L $$aNycop, Carl-Adam,$$d1909-2006,$$eesipuheen kirjoittaja.$$0(FIN11)000053902
000773028 903   L $$ac$$5FENNI
