000785758 FMT   L BK
000785758 LDR   L 00000cam^a2200349zi^4500
000785758 001   L 000785758
000785758 005   L 20170831075655.0
000785758 008   L 941229s1948^^^^sw^|||||||||||||||f|swe||
000785758 015   L $$af521465$$2skl
000785758 035   L $$a(FI-MELINDA)000785758
000785758 040   L $$aFI-NL
000785758 0411  L $$aswe$$hfin
000785758 042   L $$afinb
000785758 080   L $$a894.541$$x-3$$9FENNI<KEEP>
000785758 1001  L $$aKivi, Aleksis,$$d1834-1872,$$ekirjoittaja.
000785758 24010 L $$aSeitsemän veljestä,$$lruotsi
000785758 24510 L $$aSju bröder /$$cAleksis Kivi ; översatt av Elmer Diktonius ; illustrerad av Marcus Collin.
000785758 260   L $$aStockholm :$$bNorstedt,$$c1948.
000785758 300   L $$a430 s. :$$bkuvitettu ;$$c4:o
000785758 336   L $$ateksti$$btxt$$2rdacontent
000785758 337   L $$akäytettävissä ilman laitetta$$bn$$2rdamedia
000785758 338   L $$anide$$bnc$$2rdacarrier
000785758 7001  L $$aDiktonius, Elmer,$$d1896-1961,$$ekääntäjä.$$0(FIN11)000066655
000785758 7001  L $$aCollin, Marcus,$$d1882-1966,$$ekuvittaja.
000785758 903   L $$ac$$5FENNI
