001284811 FMT   L BK
001284811 LDR   L 00000cam^a22006014i^4500
001284811 001   L 001284811
001284811 005   L 20161012164637.0
001284811 008   L 970505s1919^^^^fi^^^^^^^^^^^^000^f^swe^c
001284811 015   L $$af434121$$2skl
001284811 035   L $$a(FI-MELINDA)001284811
001284811 035   L $$z(FI-MELINDA)007118901
001284811 040   L $$aFI-NL$$bfin$$erda$$dFI-Hul
001284811 0411  L $$aswe$$hfin
001284811 042   L $$afinb
001284811 080   L $$a894.541$$x-3$$9FENNI<KEEP>
001284811 080   L $$a894.541$$x-31
001284811 1001  L $$aKivi, Aleksis,$$d1834-1872,$$ekirjoittaja.
001284811 24010 L $$aSeitsemän veljestä,$$lruotsi
001284811 24510 L $$aSju bröder :$$broman /$$cAlexis Kivi ; bemyndigad översättning från finskan av Per Åke Laurén.
001284811 264 1 L $$aHelsingfors :$$bHolger Schildts Förlagsaktiebolag,$$c[1919]
001284811 264 3 L $$aHelsingfors :$$bHolger Schildts Tryckeri,$$c1919.
001284811 300   L $$a420 sivua
001284811 336   L $$ateksti$$btxt$$2rdacontent
001284811 337   L $$akäytettävissä ilman laitetta$$bn$$2rdamedia
001284811 338   L $$anide$$bnc$$2rdacarrier
001284811 4900  L $$aSchildts klassikerbibliotek ;$$v1
001284811 500   L $$aLisäpainokset: 3. uppl. 1922 (357 sivua).$$9FENNI<KEEP>
001284811 5611  L $$aH Reenpää: [Heikki Reenpää].$$5HELKA
001284811 563   L $$aSidottu.
001284811 655 7 L $$aromaanit$$2ysa
001284811 7001  L $$aLaurén, Per Åke,$$ekääntäjä.
001284811 960   L $$aUnioni, Naisasialiitto Suomessa -kokoelma
