001286900 FMT   L BK
001286900 LDR   L 00000cam^a22006494i^4500
001286900 001   L 001286900
001286900 005   L 20170831075603.0
001286900 008   L 941229s1948^^^^fi^a^^^^^^^^^^000^f^swe^c
001286900 015   L $$af521464$$2skl
001286900 035   L $$a(FI-MELINDA)001286900
001286900 040   L $$aFI-NL$$bfin$$erda$$dFI-Hul
001286900 0411  L $$aswe$$hfin
001286900 042   L $$afinb
001286900 080   L $$a894.541$$x-31
001286900 080   L $$a894.541$$x-3$$9FENNI<KEEP>
001286900 084   L $$a84.31$$2ykl
001286900 1001  L $$aKivi, Aleksis,$$d1834-1872,$$ekirjoittaja.
001286900 24010 L $$aSeitsemän veljestä,$$lruotsi
001286900 24510 L $$aSju bröder /$$cAleksis Kivi ; översatt av Elmer Diktonius ; illustrerad av Marcus Collin.
001286900 264 1 L $$aHelsingfors :$$bHolger Schildts Förlag,$$c[1948]
001286900 264 3 L $$aHelsingfors :$$bCentraltryckeriet,$$c1948.
001286900 300   L $$a430 sivua :$$bkuvitettu ;$$c4:o
001286900 336   L $$ateksti$$btxt$$2rdacontent
001286900 337   L $$akäytettävissä ilman laitetta$$bn$$2rdamedia
001286900 338   L $$anide$$bnc$$2rdacarrier
001286900 500   L $$aLisäpainokset: 2. uppl. 1949.
001286900 5611  L $$aH Reenpää: Kustannusosakeyhtiö Otavan kirjasto. - [Heikki Reenpää].$$5HELKA
001286900 563   L $$aSidottu.
001286900 655 7 L $$aromaanit$$2ysa
001286900 7001  L $$aCollin, Marcus,$$d1882-1966,$$ekuvittaja.
001286900 7001  L $$aDiktonius, Elmer,$$d1896-1961,$$ekääntäjä.$$0(FIN11)000066655
001286900 7001  L $$iKäännöksen perustana:$$aKivi, Aleksis,$$d1834-1872.$$tSeitsemän veljestä.
001286900 908   L $$afi
