002211245 FMT   L BK
002211245 LDR   L 00000cam^a22005294i^4500
002211245 001   L 002211245
002211245 005   L 20160728163357.0
002211245 008   L 960209s1935^^^^sw^|||||||||||||||f|swe||
002211245 015   L $$af484876$$2skl
002211245 035   L $$a(FI-MELINDA)002211245
002211245 040   L $$aFI-NL
002211245 0411  L $$aswe$$hfin
002211245 042   L $$afinb
002211245 080   L $$a894.541$$x-3$$9FENNI<KEEP>
002211245 080   L $$a894.541$$x-31
002211245 1001  L $$aKivi, Aleksis,$$d1834-1872,$$ekirjoittaja.
002211245 24010 L $$aSeitsemän veljestä,$$lruotsi
002211245 24513 L $$aDe sju bröderna /$$cAleksis Kivi ; i förkortad översättning av Eino Rostén.
002211245 260   L $$aLund :$$bGleerup,$$c1935.
002211245 300   L $$a148 s.
002211245 336   L $$ateksti$$btxt$$2rdacontent
002211245 337   L $$akäytettävissä ilman laitetta$$bn$$2rdamedia
002211245 338   L $$anide$$bnc$$2rdacarrier
002211245 4901  L $$aSkrifter utgivna av Modersmålslärarnas förening ;$$vn:o 45
002211245 5611  L $$aH Reenpää: [Heikki Reenpää].$$5HELKA
002211245 650 7 L $$asuomenkielinen kirjallisuus$$xromaanit$$xkäännökset$$xruotsin kieli$$y1860-luku$$2ysa
002211245 650 7 L $$akäännöskirjallisuus$$xsuomen kieli$$xruotsin kieli$$2ysa
002211245 7001  L $$aRostén, Eino,$$ekääntäjä.
002211245 830 0 L $$aSkrifter utgivna av Modersmålslärarnas förening ;$$vn:o 45.
002211245 903   L $$ac$$5FENNI
