003268085 FMT   L BK
003268085 LDR   L 00000cam^a2200517zi^4500
003268085 001   L 003268085
003268085 005   L 20170831075620.0
003268085 008   L 920812s1964^^^^fi^|||||||||||||||f|swe||
003268085 015   L $$af553790$$2skl
003268085 035   L $$z(FI-MELINDA)009274086
003268085 035   L $$a(FI-MELINDA)003268085
003268085 040   L $$aFI-NL
003268085 0411  L $$aswe$$hfin
003268085 042   L $$afinb
003268085 080   L $$a894.541$$x-3$$x=397
003268085 080   L $$a894.541$$x-3$$9FENNI<KEEP>
003268085 1001  L $$aKivi, Aleksis,$$d1834-1872,$$ekirjoittaja.
003268085 24010 L $$aSeitsemän veljestä,$$lruotsi
003268085 24510 L $$aSju bröder /$$cAleksis Kivi ; tolkning av Elmer Diktonius.
003268085 250   L $$a3., genomsedda uppl. av Elmer Diktonius översättning.
003268085 260   L $$aHelsingfors :$$bSchildts,$$c1964.
003268085 300   L $$a330, [2] s.
003268085 336   L $$ateksti$$btxt$$2rdacontent
003268085 337   L $$akäytettävissä ilman laitetta$$bn$$2rdamedia
003268085 338   L $$anide$$bnc$$2rdacarrier
003268085 650 7 L $$akaunokirjallisuus$$xruotsinkielinen kirjallisuus$$2ysa
003268085 650 7 L $$aruotsinkieinen kirjallisuus$$xkertomakirjallisuus$$xtulkinta$$2ysa
003268085 650 7 L $$asvenskspråkig litteratur$$xepik$$xtolkning$$2allars
003268085 653   L $$aromaanit$$asuomen kieli$$aruotsinkielinen käännös
003268085 7001  L $$aDiktonius, Elmer,$$d1896-1961,$$ekääntäjä.$$0(FIN11)000066655
