004507300 FMT   L BK
004507300 LDR   L 00000cam^a22008414i^4500
004507300 001   L 004507300
004507300 005   L 20170830081911.0
004507300 008   L 880316t19871987sw^^^^^^^^^^^^000^f^swe^c
004507300 015   L $$afx34298$$2skl
004507300 020   L $$a91-7486-484-X$$qsidottu
004507300 035   L $$z(FI-MELINDA)006438911
004507300 035   L $$a(FI-MELINDA)004507300
004507300 040   L $$aFI-NL$$bfin$$erda$$dFI-Hul
004507300 0411  L $$aswe$$hfin
004507300 042   L $$afinb
004507300 080   L $$a894.541$$x-3$$9FENNI<KEEP>
004507300 084   L $$a83.2
004507300 084   L $$a84.3$$2ykl
004507300 084   L $$a84.31$$2ykl
004507300 1001  L $$aKivi, Aleksis,$$d1834-1872,$$ekirjoittaja.
004507300 24010 L $$aSeitsemän veljestä,$$lruotsi
004507300 24510 L $$aSju bröder /$$cAleksis Kivi ; översättning och förord: Thomas Warburton.
004507300 264 1 L $$aStockholm :$$bAtlantis,$$c[1987]
004507300 264 4 L $$a©1987
004507300 300   L $$a341 sivua ;$$c22 cm
004507300 336   L $$ateksti$$btxt$$2rdacontent
004507300 337   L $$akäytettävissä ilman laitetta$$bn$$2rdamedia
004507300 338   L $$anide$$bnc$$2rdacarrier
004507300 4900  L $$aAtlantis väljer ur världslitteraturen
004507300 655 7 L $$aromaanit$$2ysa
004507300 7001  L $$aWarburton, Thomas,$$d1918-$$eesipuheen kirjoittaja,$$ekääntäjä.$$0(FIN11)000063268
004507300 7001  L $$iKäännöksen perustana:$$aKivi, Aleksis,$$d1834-1872.$$tSeitsemän veljestä.
004507300 903   L $$ac$$5FENNI
004507300 908   L $$afin
