005335099 FMT   L BK
005335099 LDR   L 00000cam^a2200673zi^4500
005335099 001   L 005335099
005335099 005   L 20170831075736.0
005335099 008   L 800822s1979^^^^sw^|||||||||||||||f|swe||
005335099 020   L $$a91-37-07111-4$$qsidottu
005335099 020   L $$a91-37-07110-6$$qnidottu
005335099 035   L $$z(FI-MELINDA)005335098
005335099 035   L $$a(FI-MELINDA)005335099
005335099 040   L $$aFI-NL
005335099 0411  L $$aswe$$hfin
005335099 042   L $$afinb
005335099 080   L $$a894.541$$x-3$$9FENNI<KEEP>
005335099 084   L $$a84.3
005335099 1001  L $$aKivi, Aleksis,$$d1834-1872,$$ekirjoittaja.
005335099 24010 L $$aSeitsemän veljestä,$$lruotsi
005335099 24510 L $$aSju bröder /$$cAleksis Kivi ; [övers. av Elmer Diktonius].
005335099 250   L $$a[Ny utg.].
005335099 260   L $$a[Stockholm] :$$bForum,$$c1979.
005335099 300   L $$a406, [1] s. ;$$c19 cm
005335099 336   L $$ateksti$$btxt$$2rdacontent
005335099 337   L $$akäytettävissä ilman laitetta$$bn$$2rdamedia
005335099 338   L $$anide$$bnc$$2rdacarrier
005335099 4901  L $$aForumbiblioteket
005335099 7001  L $$aDiktonius, Elmer,$$d1896-1961,$$eRuots.,$$ekääntäjä.$$0(FIN11)000066655
005335099 830 0 L $$aForumbiblioteket.
005335099 903   L $$ac$$5FENNI
