006580003 FMT   L BK
006580003 LDR   L 00000cam^a2200337zi^4500
006580003 001   L 006580003
006580003 005   L 20170831075732.0
006580003 008   L 921105s1966^^^^sw^|||||||||||||||f|swe||
006580003 015   L $$af556229$$2skl
006580003 035   L $$a(FI-MELINDA)006580003
006580003 040   L $$aFI-NL
006580003 0411  L $$aswe$$hfin
006580003 042   L $$afinb
006580003 080   L $$a894.541$$x-3$$9FENNI<KEEP>
006580003 1001  L $$aKivi, Aleksis,$$d1834-1872,$$ekirjoittaja.
006580003 24010 L $$aSeitsemän veljestä,$$lruotsi
006580003 24510 L $$aSju bröder /$$cAleksis Kivi ; tolkning av Elmer Diktonius.
006580003 250   L $$a3. genomsedda uppl. av Elmer Diktonius översättning.
006580003 260   L $$aStockholm :$$bNorstedt,$$c[1966]
006580003 300   L $$a330, [2] s.
006580003 336   L $$ateksti$$btxt$$2rdacontent
006580003 337   L $$akäytettävissä ilman laitetta$$bn$$2rdamedia
006580003 338   L $$anide$$bnc$$2rdacarrier
006580003 7001  L $$aDiktonius, Elmer,$$d1896-1961,$$ekääntäjä.$$0(FIN11)000066655
006580003 903   L $$ac$$5FENNI
