006600684 FMT   L BK
006600684 LDR   L 00000cam^a22003492i^4500
006600684 001   L 006600684
006600684 005   L 20160728165016.0
006600684 008   L 970320s1919^^^^sw^|||||||||||||||f|swe||
006600684 015   L $$af447222$$2skl
006600684 035   L $$a(FI-MELINDA)006600684
006600684 040   L $$aFI-NL
006600684 0411  L $$aswe$$hfin
006600684 042   L $$afinb
006600684 080   L $$a894.541$$x-3$$9FENNI<KEEP>
006600684 1001  L $$aKivi, Aleksis,$$d1834-1872,$$ekirjoittaja.
006600684 24010 L $$aSeitsemän veljestä,$$lruotsi
006600684 24510 L $$aSju bröder :$$broman /$$cAleksis Kivi ; bemyndigad övers. från finskan av Per Åke Laurén.
006600684 260   L $$aStockholm :$$bBonnier,$$c1919$$e(Helsingfors)
006600684 300   L $$a[9], 420 s.
006600684 336   L $$ateksti$$btxt$$2rdacontent
006600684 337   L $$akäytettävissä ilman laitetta$$bn$$2rdamedia
006600684 338   L $$anide$$bnc$$2rdacarrier
006600684 4901  L $$aModerna romaner ;$$v38
006600684 500   L $$aVrt. Schildts klassikerbibliotek, 1.$$9FENNI<KEEP>
006600684 7001  L $$aLaurén, Per Åke,$$ekääntäjä.
006600684 830 0 L $$aModerna romaner ;$$v38.
006600684 903   L $$ac$$5FENNI
